@misc{1, title={Single Nucleotide Polymorphism}, url={https://www.snpedia.com/index.php/Single_Nucleotide_Polymorphism}, journal={SNPedia}}

@article{2, title={Comparing the performance of selected variant callers using synthetic data and genome segmentation}, volume={19}, DOI={10.1186/s12859-018-2440-7}, number={1}, journal={BMC Bioinformatics}, author={Bian, Xiaopeng and Zhu, Bin and Wang, Mingyi and Hu, Ying and Chen, Qingrong and Nguyen, Cu and Hicks, Belynda and Meerzaman, Daoud}, year={2018}}

@article{3, title={Single nucleotide polymorphisms and recombination rate in humans}, volume={17}, DOI={10.1016/s0168-9525(01)02409-x}, number={9}, journal={Trends in Genetics}, author={Nachman, Michael W}, year={2001}, pages={481–485}}

@article{4, title={Mutation Rates and Gene Location: Some Like It Hot}, volume={2}, DOI={10.1371/journal.pbio.0020051}, number={2}, journal={PLoS Biology}, year={2004}}

@article{5, title={A global reference for human genetic variation}, volume={526}, DOI={10.1038/nature15393}, number={7571}, journal={Nature}, author={Auton, A. and Abecasis, G. and Altshuler, D. et al.}, year={2015}, pages={68–74}}